
@conference{melekhov2016,
  title = {Siamese Network Features for Image Matching},
  author = {Melekhov, Iaroslav and Kannala, Juho and Rahtu, Esa},
  booktitle = {23rd International Conference on Pattern Recognition (ICPR)},
  year = {2016}
}

@conference{chen2020simclr,
  author = {Chen, Ting and Kornblith, Simon and Norouzi, Mohammad and Hinton, Geoffrey},
  title = {A Simple Framework for Contrastive Learning of Visual Representations},
  booktitle = {International Conference on Machine Learning (PMLR)},
  year = {2020}
}

@conference{radford2021clip,
  author = {Radford, Alec and Kim, Jong Wook and Hallacy, Chris and Ramesh, Aditya and Goh, Gabriel and Agarwal, Sandhini and Sastry, Girish and Askell, Amanda and Mishkin, Pamela and Clark, Jack and Krueger, Gretchen and Sutskever, Ilya},
  title = {Learning Transferable Visual Models from Natural Language Supervision},
  booktitle = {International Conference on Machine Learning (ICML)},
  year = {2021}
}

@conference{zbontar2021barlow,
  author = {Zbontar, Jure and Jing, Li and Misra, Ishan and LeCun, Yann and Deny, Stéphane},
  title = {Barlow Twins: Self-Supervised Learning via Redundancy Reduction},
  booktitle = {International Conference on Machine Learning (ICML)},
  year = {2021}
}

@conference{grill2020approach_ssl,
  author = {Jean-Bastien, Grill and Florian, Strub and Florent, Altché and Corentin, Tallec and Pierre, H. Richemond and Elena, Buchatskaya and Carl, Doersch and Bernardo, Avila Pires and Zhaohan, Daniel Guo and Mohammad, Gheshlaghi Azar and Bilal, Piot and Koray, Kavukcuoglu and Rémi, Munos and Michal, Valko},
  title = {Bootstrap your own latent: A new approach to self-supervised learning},
  booktitle = {NeurIPS},
  year = {2020}
}
